@book{rfds,
    author = {Hadley Wickham & Garrett Grolemund},
    publisher = {O'Reilly Media},
    title = {R for Data Science: Import, Tidy, Transform, Visualize, and Model Data},
    year = {2016}
   }
